@article{DavisP60,
	author    = {Martin Davis and
	Hilary Putnam},
	title     = {A Computing Procedure for Quantification Theory},
	journal   = {J. {ACM}},
	volume    = {7},
	number    = {3},
	pages     = {201--215},
	year      = {1960}
}

@inproceedings{Cook71,
	author    = {Stephen A. Cook},
	title     = {The Complexity of Theorem-Proving Procedures},
	booktitle = {{STOC}},
	pages     = {151--158},
	publisher = {{ACM}},
	year      = {1971}
}

@article{Knuth1975,
	title={Estimating the efficiency of backtrack programs},
	author={Knuth, Donald E},
	journal={Mathematics of computation},
	volume={29},
	number={129},
	pages={122--136},
	year={1975}
}


@inproceedings{Zhang97Sato,
	author    = {Hantao Zhang},
	title     = {{SATO:} An Efficient Propositional Prover},
	booktitle = {{CADE}},
	series    = {Lecture Notes in Computer Science},
	volume    = {1249},
	pages     = {272--275},
	publisher = {Springer},
	year      = {1997}
}

@article{Boros99,
	author    = {Endre Boros},
	title     = {Maximum Renamable Horn sub-CNFs},
	journal   = {Discret. Appl. Math.},
	volume    = {96-97},
	pages     = {29--40},
	year      = {1999}
}


@incollection{Kullmann09,
	author    = {Oliver Kullmann},
	title     = {Fundaments of Branching Heuristics},
	booktitle = {Handbook of Satisfiability},
	series    = {Frontiers in Artificial Intelligence and Applications},
	volume    = {185},
	pages     = {205--244},
	publisher = {{IOS} Press},
	year      = {2009}
}

@inproceedings{MoskewiczMZZM01,
	author    = {Matthew W. Moskewicz and
	Conor F. Madigan and
	Ying Zhao and
	Lintao Zhang and
	Sharad Malik},
	title     = {Chaff: Engineering an Efficient {SAT} Solver},
	booktitle = {{DAC}},
	pages     = {530--535},
	publisher = {{ACM}},
	year      = {2001}
}

@article{Browne2012,
	title={A survey of monte carlo tree search methods},
	author={Browne, Cameron B and Powley, Edward and Whitehouse, Daniel and Lucas, Simon M and Cowling, Peter I and Rohlfshagen, Philipp and Tavener, Stephen and Perez, Diego and Samothrakis, Spyridon and Colton, Simon},
	journal={IEEE Transactions on Computational Intelligence and AI in games},
	volume={4},
	number={1},
	pages={1--43},
	year={2012},
	publisher={IEEE}
}

@inproceedings{Loth2013,
	title={Bandit-based search for constraint programming},
	author={Loth, Manuel and Sebag, Michele and Hamadi, Youssef and Schoenauer, Marc},
	booktitle={International Conference on Principles and Practice of Constraint Programming},
	pages={464--480},
	year={2013},
	organization={Springer}
}

@inproceedings{GoffinetR16,
	author    = {Jack Goffinet and
	Raghuram Ramanujan},
	title     = {Monte-Carlo Tree Search for the Maximum Satisfiability Problem},
	booktitle = {{CP}},
	series    = {Lecture Notes in Computer Science},
	volume    = {9892},
	pages     = {251--267},
	publisher = {Springer},
	year      = {2016}
}

@article{Jooken2020,
	title={Exploring search space trees using an adapted version of Monte Carlo tree search for a combinatorial optimization problem},
	author={Jooken, Jorik and Leyman, Pieter and De Causmaecker, Patrick and Wauters, Tony},
	journal={arXiv preprint arXiv:2010.11523},
	year={2020}
}

@inproceedings{PrevitiRSS11,
	author    = {Alessandro Previti and
	Raghuram Ramanujan and
	Marco Schaerf and
	Bart Selman},
	title     = {Monte-Carlo Style {UCT} Search for Boolean Satisfiability},
	booktitle = {AI*IA},
	series    = {Lecture Notes in Computer Science},
	volume    = {6934},
	pages     = {177--188},
	publisher = {Springer},
	year      = {2011}
}


@article{Schloeter2017,
	title={A Monte Carlo tree search based conflict-driven clause learning SAT solver},
	author={Schloeter, Jens},
	journal={INFORMATIK 2017},
	year={2017},
	publisher={Gesellschaft f{\"u}r Informatik, Bonn}
}

@inproceedings{Heule18Schur,
	author    = {Marijn J. H. Heule},
	title     = {Schur Number Five},
	booktitle = {{AAAI}},
	pages     = {6598--6606},
	publisher = {{AAAI} Press},
	year      = {2018}
}

@article{Chowdhury19,
	title={Exploration via Random Walks in CDCL SAT Solving amid Conflict Depression},
	author={Chowdhury, Md Solimul and M{\"u}ller, Martin and You, Jia-Huai}
}

@incollection{Keszocze2020,
	title={Improving SAT Solving Using Monte Carlo Tree Search-Based Clause Learning},
	author={Keszocze, Oliver and Schmitz, Kenneth and Schloeter, Jens and Drechsler, Rolf},
	booktitle={Advanced Boolean Techniques},
	pages={107--133},
	year={2020},
	publisher={Springer}
}

@inproceedings{Chowdhury2020,
	title={Guiding CDCL SAT Search via Random Exploration amid Conflict Depression.},
	author={Chowdhury, Md Solimul and M{\"u}ller, Martin and You, Jia},
	booktitle={AAAI},
	pages={1428--1435},
	year={2020}
}